<collection xmlns="http://www.loc.gov/MARC21/slim">
   <record>
      <leader>03493cam a2200493 i 4500</leader>
      <controlfield tag="001">6759755</controlfield>
      <controlfield tag="003">OCoLC</controlfield>
      <controlfield tag="005">20141211134507.0</controlfield>
      <controlfield tag="008">140331t20152015flua     b    001 0 eng  </controlfield>
      <datafield ind1=" " ind2=" " tag="010">
         <subfield code="a">  2014012590</subfield>
      </datafield>
      <datafield ind1="7" ind2=" " tag="016">
         <subfield code="a">101629415</subfield>
         <subfield code="2">DNLM</subfield>
      </datafield>
      <datafield ind1=" " ind2=" " tag="020">
         <subfield code="a">9781482217186 (alk. paper)</subfield>
      </datafield>
      <datafield ind1=" " ind2=" " tag="020">
         <subfield code="a">148221718X (alk. paper)</subfield>
      </datafield>
      <datafield ind1=" " ind2=" " tag="035">
         <subfield code="a">ocn875629967</subfield>
      </datafield>
      <datafield ind1=" " ind2=" " tag="040">
         <subfield code="a">DNLM/DLC</subfield>
         <subfield code="b">eng</subfield>
         <subfield code="e">rda</subfield>
         <subfield code="c">DLC</subfield>
         <subfield code="d">NLM</subfield>
         <subfield code="d">CDX</subfield>
         <subfield code="d">BTCTA</subfield>
         <subfield code="d">YDXCP</subfield>
         <subfield code="d">OCLCO</subfield>
         <subfield code="d">AEU</subfield>
      </datafield>
      <datafield ind1=" " ind2=" " tag="042">
         <subfield code="a">pcc</subfield>
      </datafield>
      <datafield ind1="0" ind2="0" tag="050">
         <subfield code="a">RC965.M39</subfield>
         <subfield code="b">M46 2015</subfield>
      </datafield>
      <datafield ind1="1" ind2="0" tag="060">
         <subfield code="a">WY 100.2</subfield>
      </datafield>
      <datafield ind1="0" ind2="0" tag="082">
         <subfield code="a">363.15</subfield>
         <subfield code="2">23</subfield>
      </datafield>
      <datafield ind1=" " ind2=" " tag="090">
         <subfield code="a">RC965 .M39 M46 2015</subfield>
         <subfield code="b">AEGMCT</subfield>
      </datafield>
      <datafield ind1="1" ind2=" " tag="100">
         <subfield code="a">Menoni, Olga,</subfield>
         <subfield code="e">author.</subfield>
         <subfield code="0">http://id.loc.gov/authorities/names/n2014183123</subfield>
         <subfield code="0">http://viaf.org/viaf/307435497</subfield>
      </datafield>
      <datafield ind1="1" ind2="0" tag="245">
         <subfield code="a">Patient handling in the healthcare sector :</subfield>
         <subfield code="b">a guide for risk management with MAPO methodology (movement and assistance of hospital patients) /</subfield>
         <subfield code="c">Olga Menoni, Natale Battevi, and Silvia Cairoli.</subfield>
      </datafield>
      <datafield ind1="1" ind2=" " tag="246">
         <subfield code="a">Guide for risk management with movement and assistance of hospital patients methodology</subfield>
      </datafield>
      <datafield ind1=" " ind2="1" tag="264">
         <subfield code="a">Boca Raton :</subfield>
         <subfield code="b">CRC Press, Taylor &amp; Francis Group,</subfield>
         <subfield code="c">[2015]</subfield>
      </datafield>
      <datafield ind1=" " ind2="4" tag="264">
         <subfield code="c">©2015</subfield>
      </datafield>
      <datafield ind1=" " ind2=" " tag="300">
         <subfield code="a">xiii, 209 pages :</subfield>
         <subfield code="b">illustrations ;</subfield>
         <subfield code="c">23 cm.</subfield>
      </datafield>
      <datafield ind1=" " ind2=" " tag="336">
         <subfield code="a">text</subfield>
         <subfield code="2">rdacontent</subfield>
         <subfield code="0">http://id.loc.gov/vocabulary/contentTypes/txt</subfield>
      </datafield>
      <datafield ind1=" " ind2=" " tag="337">
         <subfield code="a">unmediated</subfield>
         <subfield code="2">rdamedia</subfield>
         <subfield code="0">http://id.loc.gov/vocabulary/mediaTypes/n</subfield>
      </datafield>
      <datafield ind1=" " ind2=" " tag="338">
         <subfield code="a">volume</subfield>
         <subfield code="2">rdacarrier</subfield>
         <subfield code="0">http://id.loc.gov/vocabulary/carriers/nc</subfield>
      </datafield>
      <datafield ind1=" " ind2=" " tag="500">
         <subfield code="a">"EPM International ergonomics school."</subfield>
      </datafield>
      <datafield ind1=" " ind2=" " tag="500">
         <subfield code="a">Some parts previously published in Italian: The MAPO method for the analysis and prevention of risk from handling patients. Milano, Italy : FrancoAngeli s.r.l.</subfield>
      </datafield>
      <datafield ind1=" " ind2=" " tag="504">
         <subfield code="a">Includes bibliographical references (pages 189-197) and index.</subfield>
      </datafield>
      <datafield ind1="0" ind2=" " tag="505">
         <subfield code="a">Introduction : brief history of the MAPO index equation and relationship with a specific preventive plan -- A review of work-related MSDs in caregivers -- Manual handling in the healthcare sector : the international approach to risk assessment -- Manual patient-handling risks : occupational biomechanics (biomechanical hazards of manual patient handling) -- Methods and criteria for analyzing manual patient handling by healthcare workers -- MAPO index validation : studies on the association with WMSDs -- Analysis of patient-handling tasks in operating rooms -- Analysis of outpatient services and day hospital -- Emergency department : setting up preventive strategies for manual patient handling -- Procedures and tools for choosing adequate equipment -- Definition and management of preventive planning -- Examples of manual patient-handling risk assessment in various wards.</subfield>
      </datafield>
      <datafield ind1=" " ind2=" " tag="596">
         <subfield code="a">29</subfield>
      </datafield>
      <datafield ind1=" " ind2="0" tag="650">
         <subfield code="a">Medical personnel</subfield>
         <subfield code="x">Safety measures.</subfield>
      </datafield>
      <datafield ind1=" " ind2="0" tag="650">
         <subfield code="a">Patients</subfield>
         <subfield code="x">Positioning</subfield>
         <subfield code="x">Safety measures.</subfield>
      </datafield>
      <datafield ind1=" " ind2="0" tag="650">
         <subfield code="a">Medical personnel</subfield>
         <subfield code="x">Health and hygiene.</subfield>
         <subfield code="0">http://id.loc.gov/authorities/subjects/sh2010101285</subfield>
      </datafield>
      <datafield ind1=" " ind2="0" tag="650">
         <subfield code="a">Transport of sick and wounded.</subfield>
         <subfield code="0">http://id.loc.gov/authorities/subjects/sh85137017</subfield>
      </datafield>
      <datafield ind1="1" ind2=" " tag="700">
         <subfield code="a">Battevi, Natale,</subfield>
         <subfield code="e">author.</subfield>
         <subfield code="0">http://id.loc.gov/authorities/names/n2014183124</subfield>
         <subfield code="0">http://viaf.org/viaf/307435498</subfield>
      </datafield>
      <datafield ind1="1" ind2=" " tag="700">
         <subfield code="a">Cairoli, Silvia,</subfield>
         <subfield code="e">author.</subfield>
         <subfield code="0">http://id.loc.gov/authorities/names/n2014183126</subfield>
         <subfield code="0">http://viaf.org/viaf/307435499</subfield>
      </datafield>
      <datafield ind1=" " ind2=" " tag="758">
         <subfield code="0">http://worldcat.org/entity/work/id/25218664</subfield>
      </datafield>
      <datafield ind1="0" ind2=" " tag="787">
         <subfield code="n">OCLC Work Id</subfield>
         <subfield code="o">http://worldcat.org/entity/work/id/25218664</subfield>
      </datafield>
      <datafield ind1=" " ind2=" " tag="949">
         <subfield code="a">RC965 .M39 M46 2015</subfield>
         <subfield code="h">GMCT-OS-B</subfield>
         <subfield code="i">1007432360</subfield>
         <subfield code="p">101.18</subfield>
         <subfield code="k">AVAIL_SOON</subfield>
      </datafield>
      <datafield ind1=" " ind2=" " tag="926">
         <subfield code="a">RC965 .M39 M46 2015</subfield>
         <subfield code="w">LC</subfield>
         <subfield code="c">1</subfield>
         <subfield code="i">1007432360</subfield>
         <subfield code="d">1/16/2015</subfield>
         <subfield code="l">ON_SHELF</subfield>
         <subfield code="m">GR_MACEWAN</subfield>
         <subfield code="p">$96.36</subfield>
         <subfield code="r">Y</subfield>
         <subfield code="s">Y</subfield>
         <subfield code="t">BOOK</subfield>
         <subfield code="u">12/17/2014</subfield>
      </datafield>
   </record>
</collection>
